<?xml version="1.0" encoding="UTF-8"?><collection xmlns="http://www.loc.gov/MARC21/slim"><record><leader>00561nam--2200193-i-4500</leader><controlfield tag="001">000010311</controlfield><controlfield tag="002">20161230</controlfield><controlfield tag="005">20161230201028</controlfield><controlfield tag="008">060222s1000------------r-----000-0-eng-d</controlfield><datafield ind1=" " ind2=" " tag="020"><subfield code="a">0306375117</subfield></datafield><datafield ind1=" " ind2=" " tag="040"><subfield code="a">IFIN-HH</subfield></datafield><datafield ind1=" " ind2=" " tag="080"><subfield code="a">539.2:548.4</subfield></datafield><datafield ind1="1" ind2=" " tag="100"><subfield code="a">Crawford, James H</subfield></datafield><datafield ind1="1" ind2="0" tag="245"><subfield code="a">Point defects in solids</subfield><subfield code="b">Volume 1 general and ionic crystals</subfield><subfield code="c">James h. crawford, lawrence m. slifkin (ed.)</subfield></datafield><datafield ind1=" " ind2=" " tag="260"><subfield code="a">New York</subfield><subfield code="b">Plenum Press</subfield><subfield code="c">1972</subfield></datafield><datafield ind1=" " ind2=" " tag="300"><subfield code="a">XV+556P</subfield></datafield><datafield ind1="1" ind2=" " tag="700"><subfield code="a">Slifkin, Lawrence M</subfield><subfield code="e">Ed</subfield></datafield><datafield ind1=" " ind2=" " tag="852"><subfield code="a">37532</subfield><subfield code="c">539.2</subfield></datafield><datafield ind1=" " ind2=" " tag="CAT"><subfield code="a">Sys</subfield><subfield code="c">20121022</subfield><subfield code="h">171405</subfield></datafield></record></collection>